@book{dorf2011modern,
	title={Modern Control Systems},
	author={Dorf, R.C. and Bishop, R.H.},
	year={2011},
	publisher={Pearson Prentice Hall}
}
@book{lin2007robust,
	title={Robust Control Design: An Optimal Control Approach},
	author={Lin, F.},
	year={2007},
	publisher={Wiley}
}
@book{hirsch1974differential,
	title={Differential Equations, Dynamical Systems, and Linear Algebra},
	author={Hirsch, M.W. and Smale, S.},
	series={Pure and Applied Mathematics},
	year={1974},
	publisher={Elsevier Science}
}
@book{chen1999linear,
	title={Linear System Theory and Design},
	author={Chen, C.T.},
	series={Linear System Theory and Design},
	year={1999},
	publisher={Oxford University Press}
}
@book{lyapunov1992general,
	title={General Problem of the Stability Of Motion},
	author={Lyapunov, A.M.},
	series={Control Theory and Applications Series},
	year={1992},
	publisher={Taylor \& Francis}
}
@book{vidyasagar2002nonlinear,
	title={Nonlinear Systems Analysis},
	author={Vidyasagar, M.},
	series={Classics in Applied Mathematics},
	year={2002},
	publisher={Society for Industrial and Applied Mathematics}
}
@book{brogan1991modern,
	title={Modern Control Theory},
	author={Brogan, W.L.},
	year={1991},
	publisher={Prentice Hall}
}
@book{kosmidou2009robust,
	title={\gr{Εύρωστος Έλεγχος Δυναμικών Συστημάτων}},
	author={\gr{Κοσμίδου, Ο.}},
	year={2009},
	publisher={\gr{Γκιούρδας Β.}}
}
@book{ogata2011modern,
	title={Modern Control Engineering},
	author={Ogata, K.},
	year={2011},
	publisher={Pearson Education}
}
@book{dullerud2005course,
	title={A Course in Robust Control Theory: A Convex Approach},
	author={Dullerud, G.E. and Paganini, F.},
	series={Texts in Applied Mathematics},
	year={2005},
	publisher={Springer New York}
}
@article{barmish1983,
	author = {B. R. Barmish and M. Corless and G. Leitmann},
	title = {A New Class of Stabilizing Controllers for Uncertain Dynamical Systems},
	journal = {SIAM Journal on Control and Optimization},
	volume = {21},
	number = {2},
	pages = {246-255},
	year = {1983}
}


